<record><leader>00000cas a22000007a 4500</leader><controlfield tag="001">10401796</controlfield><controlfield tag="008">840210c19809999scuwr ne      0   a0eng d</controlfield><datafield ind1=" " ind2=" " tag="010"><subfield code="a">sn 84005989 </subfield></datafield><datafield ind1=" " ind2=" " tag="040"><subfield code="a">NSD</subfield><subfield code="b">eng</subfield><subfield code="c">NSD</subfield><subfield code="d">SVN</subfield><subfield code="d">OCLCQ</subfield></datafield><datafield ind1=" " ind2=" " tag="012"><subfield code="m">1</subfield></datafield><datafield ind1="1" ind2=" " tag="022"><subfield code="a">0746-9284</subfield><subfield code="l">0746-9284</subfield><subfield code="2">1</subfield></datafield><datafield ind1=" " ind2=" " tag="032"><subfield code="a">668670</subfield><subfield code="b">USPS</subfield></datafield><datafield ind1=" " ind2=" " tag="037"><subfield code="b">Northwest Sentinel, POB 676, Travelers Rest, SC 29690</subfield></datafield><datafield ind1=" " ind2=" " tag="042"><subfield code="a">nsdp</subfield></datafield><datafield ind1="0" ind2=" " tag="130"><subfield code="a">Northwest sentinel (Travelers Rest, S.C.)</subfield></datafield><datafield ind1=" " ind2="4" tag="222"><subfield code="a">The Northwest sentinel</subfield><subfield code="b">(Travelers Rest, S.C.)</subfield></datafield><datafield ind1="1" ind2="4" tag="245"><subfield code="a">The Northwest sentinel.</subfield></datafield><datafield ind1=" " ind2=" " tag="260"><subfield code="a">Travelers Rest, S.C. :</subfield><subfield code="b">Ben Bagwell and Jerry Alexander</subfield></datafield><datafield ind1=" " ind2=" " tag="310"><subfield code="a">Fifty issues a year</subfield></datafield><datafield ind1="0" ind2=" " tag="362"><subfield code="a">Vol. 1, no. 1 (Apr. 30, 1980)-</subfield></datafield><datafield ind1=" " ind2="4" tag="651"><subfield code="a">Greenville County (S.C.)</subfield><subfield code="v">Newspapers.</subfield></datafield><datafield ind1=" " ind2=" " tag="752"><subfield code="a">United States</subfield><subfield code="b">South Carolina</subfield><subfield code="c">Greenville</subfield><subfield code="d">Travelers Rest.</subfield></datafield><datafield ind1=" " ind2=" " tag="936"><subfield code="a">Feb. 1, 1984</subfield></datafield><datafield ind1="1" ind2=" " tag="029"><subfield code="a">AU@</subfield><subfield code="b">000020406904</subfield></datafield></record>